@book{Kaeslin08,
 AUTHOR        = "Kaeslin, Hubert",
 TITLE         = "Digital Integrated Circuit Design: From VLSI Architectures to CMOS Fabrication",
 PUBLISHER     = "Cambridge University Press",
 month         = apr,
 YEAR          = "2008"
}


@techreport{Waterman:EECS-2015-209,
    Author = {Waterman, Andrew and Lee, Yunsup and Patterson, David A. and Asanović, Krste},
    Title = {The RISC-V Compressed Instruction Set Manual, Version 1.9},
    Institution = {EECS Department, University of California, Berkeley},
    Year = {2015},
    Month = {Nov},
    URL = {http://www.eecs.berkeley.edu/Pubs/TechRpts/2015/EECS-2015-209.html},
    Number = {UCB/EECS-2015-209},
    Abstract = {This is a draft specification version 1.9 of the RISC-V Compressed ISA extension. This draft specification may change before being accepted as standard, so implementations made to this draft specification might not conform to the future standard.}
}

@techreport{Waterman:EECS-2014-54,
    Author = {Waterman, Andrew and Lee, Yunsup and Patterson, David A. and Asanović, Krste},
    Title = {The RISC-V Instruction Set Manual, Volume I: User-Level ISA, Version 2.0},
    Institution = {EECS Department, University of California, Berkeley},
    Year = {2014},
    Month = {May},
    URL = {http://www.eecs.berkeley.edu/Pubs/TechRpts/2014/EECS-2014-54.html},
    Number = {UCB/EECS-2014-54}
}

@techreport{renzobaer,
    Author = {Andri, Renzo and Baer, Matthias},
    Title = {Implementation and Optimization of the OpenRISC Processor},
    Institution = {IIS, ETH Zurich},
    Year = {2014},
    Month = {February}
}

@misc{faraday,
    author={UMC},
    title={UM065GIOLL25MVIR\_B UMC 65nm Low-K 1.8V/2.5V/3.3V Low Leakage RVT BOAC In-line IO Library Databook },
    note={I/O Library Documentation},
    publisher={UMC},
    year={2013},
    month={September}
}
#####
##### Citing URLs
#####
@misc{WIKI:Newton,
 author        = "Wikipedia",
 title         = "Isaac Newton --- Wikipedia{,} The Free Encyclopedia",
 year	       = "2012",
 note	       = "[Online; accessed 1-October-2012]",
 url	       = "http://en.wikipedia.org/w/index.php?title=Isaac\_Newton&oldid=514997436",
}
